@misc{swanonline,
    title	=	 {THE SWAN PROJECT},
    howpublished	= "\url{http://www.cs.vu.nl/SWAN}",
	note = {Accessed August 2017}
}

@misc{thingspeakonline,
	title = {Thingspeak server},
	howpublished = "\url{http://thingspeak.com}",
	note = {Accessed August 2017}
}

@misc{playframeworkonline,
	title = {Play Framework},
	howpublished = "\url{http://www.playframework.com}",
	note = {Accessed August 2017}
}

@misc{hadooponline,
	title = {Apache Hadoop},
	howpublished = "\url{http://hadoop.apache.org}",
	note = {Accessed August 2017}
}

@misc{apachegiraphonline,
	title = {Apache Giraph},
	howpublished = "\url{http://giraph.apache.org}",
	note = {Accessed September 2017}
}

@misc{apachesparkonline,
	title = {Apache Spark},
	howpublished = "\url{http://spark.apache.org}",
	note = {Accessed September 2017}
}

@misc{apachemesosonline,
	title = {Apache Mesos},
	howpublished = "\url{http://mesos.apache.org}",
	note = {Accessed September 2017}
}


@misc{kubernetesonline,
	title = {Kubernetes},
	howpublished = "\url{http://kubernetes.io}",
	note = {Accessed September 2017}
}

@misc{amazonemronline,
	title = {Amazon EMR},
	howpublished = "\url{http://aws.amazon.com/emr}",
	note = {Accessed September 2017}
}

@misc{apachesqooponline,
	title = {Apache Sqoop},
	howpublished = "\url{http://sqoop.apache.org}",
	note = {Accessed September 2017}
}

@misc{apacheflumeonline,
	title = {Apache Flume},
	howpublished = "\url{http://flume.apache.org}",
	note = {Accessed September 2017}
}


@misc{awss3online,
	title = {Amazon S3},
	howpublished = "\url{http://aws.amazon.com/s3}",
	note = {Accessed September 2017}
}

@misc{apachecassandraonline,
	title = {Apache Cassandra},
	howpublished = "\url{http://cassandra.apache.org}",
	note = {Accessed September 2017}
}

@misc{mongodbonline,
	title = {MongoDB},
	howpublished = "\url{http://www.mongodb.com}",
	note = {Accessed September 2017}
}

@article{cowbirdarticle,
	title = {Cowbird: A Flexible Cloud-based Framework for Combining Smartphone Sensors and IoT},
	author = {R. Das and N. Bozdog and H. Bal},
	journal	= {Mobile Cloud Computing, Services, and Engineering (MobileCloud), 2017 5th IEEE International Conference on},
	doi =	{ 10.1109/MobileCloud.2017.14},
	publisher = {IEEE},
	year = {2017}
}

@article{swanphd,
	title = {Programming frameworks for distributed smartphone computing},
	author = {R. Kemp},
	journal = {Ph.D. dissertation},
	publisher = {Vrije Universiteit Amsterdam},
	year = {2014}
}

@article{swansong,
	title = {SWAN-song: a flexible context expression language for smartphones},
	author = {N. Palmer and R. Kemp and T. Kielmann and others},
	journal = {PhoneSense '12 Proceedings of the Third International Workshop on Sensing Applications on Mobile Phones},
	publisher = {ACM},
	month = {November},
	year = {2012}
}

@article{googlemapreduce,
	title = {MapReduce: Simplified Data Processing on Large Clusters },
	author = {J. Dean and S. Ghemawat},
	journal = {OSDI'04: Sixth Symposium on Operating System Design and Implementation},
	month = {December},
	year = {2004}
}


@article{googlefilesystem,
	title = {The Google file system},
	author = {S. Ghemawat and H. Gobioff and S. Leung},
	journal = {19th ACM Symposium on Operating Systems Principles},
	publisher = {ACM},
	month = {October},
	year = {2003}
}

@article{hadoophdfs,
	title = {The Hadoop Distributed File System},
	author = {Konstantin Shvachko and Hairong Kuang and Sanjay Radia and others},
	journal = {Proceedings of the 2010 IEEE 26th Symposium on Mass Storage Systems and Technologies (MSST)},
	month = {May},
	year = {2010}
}

@article{yarn,
	title = {
Apache Hadoop YARN: yet another resource negotiator},
	author = {V. K. Vavilapalli and A. C. Murthy and C. Douglas and others},
	journal = {SOCC '13 Proceedings of the 4th annual Symposium on Cloud Computing},
	publisher = {ACM},
	month = {October},
	year = {2013}
}


@article{apachespark,
	title = {Spark: cluster computing with working sets},
	author = {Matei Zaharia and Mosharaf Chowdhury and Michael J. Franklin and others},
	journal = {HotCloud'10 Proceedings of the 2nd USENIX conference on Hot topics in cloud computing},
	publisher = {ACM},
	month = {June},
	year = {2010}
}

@article{apachesparkrdd,
	author = {M. Zaharia and M. Chowdhury and T. Das and others},
	title = {Resilient Distributed Datasets: A Fault-Tolerant Abstraction for In-Memory Cluster Computing},
	journal = {Presented as part of the 9th {USENIX} Symposium on Networked Systems Design and Implementation ({NSDI} 12)},
	publisher = {{USENIX}},
	month = {April},
	year = {2012}
}


@article{philosophydistributeddata,
	title = {Kafka, Samza and the Unix Philosophy of Distributed Data},
	author = {M. Kleppmann and J. Kreps},
	journal = {Bulletin of the Technical Committee on Data Engineering},
	year = {2015}
}


@article{streamingbigdataprocessinginclouds,
	title = {Streaming Big Data Processing in Datacenter Clouds},
	author = {R. Ranjan},
	journal = { IEEE Cloud Computing ( Volume: 1, Issue: 1, May 2014 )},
	month = {July},
	year = {2014}
}

@article{dynamo,
	title = {Dynamo: Amazonâ€™s Highly Available Key-value Store},
	author = {G. DeCandia and D. Hastorun and M. Jampani and others},
	journal = {SOSP '07 Proceedings of twenty-first ACM SIGOPS symposium on Operating systems principles},
	publisher = {ACM},
	month = {October},
	year = {2007}

}

@article{bigdataatlinkedin,
	title = {The "Big Data" ecosystem at LinkedIn},
	author = {R. Sumbaly and J. Kreps and S. Shah},
	journal = {International Conference on Management of Data (SIGMOD)},
	publisher = {ACM},
	month = {July},
	year = {2013}
}


@book{fastdataarchitecture,
	title = {Fast Data Architectures for
Streaming Applications	-	Getting Answers Now from Data Sets that Never End},
	author =  {D. Wampler},
	publisher = {O'Reilly },
	month = {September},
	year = {2016}
}

